@article{bogalo2020,
	author    = {Juan Bogalo and Pilar Poncela and Eva Senra},
	title     = {Circulant singular spectrum analysis: A new automated procedure for signal extraction},
	journal   = {Signal Processing},
	volume    = {177},
	year      = {2020},
	issn      = {0165-1684},
	doi       = {10.1016/j.sigpro.2020.107750},
	url       = {http://www.sciencedirect.com/science/article/pii/S0165168420303264}
}


@article{Golyandina_2015,
   title={Variations of singular spectrum analysis for separability improvement: non-orthogonal decompositions of time series},
   volume={8},
   ISSN={1938-7997},
   url={http://dx.doi.org/10.4310/SII.2015.v8.n3.a3},
   DOI={10.4310/sii.2015.v8.n3.a3},
   number={3},
   journal={Statistics and Its Interface},
   publisher={International Press of Boston},
   author={Golyandina, Nina and Shlemov, Alex},
   year={2015},
   pages={277–294} }


@book{golyandina2001analysis,
	title={Analysis of Time Series Structure: SSA and Related Techniques},
	author={Golyandina, Nina and Nekrutkin, Vladimir and Zhigljavsky, Anatoly},
	year={2001},
	publisher={Chapman and Hall/CRC},
	url={https://www.academia.edu/34626051/Analysis_of_Time_Series_Structure_-_SSA_and_Related_Techniques}
}

@article{golyandina2023intelligent,
	author    = {Golyandina, Nina and Dudnik, Pavel and Shlemov, Alex},
	title     = {Intelligent Identification of Trend Components in Singular Spectrum Analysis},
	journal   = {Algorithms},
	volume    = {16},
	number    = {7},
	pages     = {353},
	year      = {2023},
	doi       = {10.3390/a16070353},
	url       = {https://doi.org/10.3390/a16070353}
}



@misc{spbu_cissa_coursework_github,
	author       = {Nikolay Pogrebnikov},
	title        = {{SPbSU} {SSA} Coursework: Time Series Analysis},
	year         = {2024},
	journal = {GitHub repository},
	howpublished = {\url{https://github.com/xSICHx/spbu_ssa_methods_coursework/tree/main}}
}


@article{gu2024generalized,
	author    = {Jialiang Gu and Kevin Hung and Bingo Wing-Kuen Ling and Daniel Hung-Kay Chow and Yang Zhou and Yaru Fu and Sio Hang Pun},
	title     = {Generalized singular spectrum analysis for the decomposition and analysis of non-stationary signals},
	journal   = {Journal of the Franklin Institute},
	volume    = {Accepted/In Press},
	year      = {2024},
	issn      = {0016-0032},
	doi       = {10.1016/j.jfranklin.2024.106696},
	url       = {https://doi.org/10.1016/j.jfranklin.2024.106696}
}

@book{golyandina2020singular,
	title     = {Singular Spectrum Analysis for Time Series},
	author    = {Nina Golyandina and Anatoly Zhigljavsky},
	year      = {2020},
	publisher = {Springer Berlin Heidelberg},
	series    = {SpringerBriefs in Statistics},
	edition   = {2},
	isbn      = {978-3-662-62435-7},
	doi       = {https://doi.org/10.1007/978-3-662-62436-4},
	url       = {https://link.springer.com/book/10.1007/978-3-662-62436-4}
}


@misc{golyandina2023automatedidentificationsingularspectrum,
	title={On automated identification in singular spectrum analysis for different types of objects}, 
	author={Nina Golyandina and Polina Zhornikova},
	year={2023},
	eprint={2302.08993},
	archivePrefix={arXiv},
	primaryClass={stat.ME},
	url={https://arxiv.org/abs/2302.08993}, 
}


@book{ssa2018withR,
author = {Golyandina, Nina and Korobeynikov, Anton and Zhigljavsky, Anatoly},
year = {2018},
month = {01},
pages = {},
title = {Singular Spectrum Analysis with R},
isbn = {978-3-662-57378-5},
doi = {10.1007/978-3-662-57380-8}
}



@article{cognitive,
author = {Yedukondalu, Jammisetty and Sunkara, Kalyani and Radhika, Vankayalapati and Kondaveeti, Sivakrishna and Anumothu, Murali and Krishna, Yadadavalli},
year = {2025},
month = {01},
pages = {},
title = {Cognitive load detection through EEG lead wise feature optimization and ensemble classification},
volume = {15},
journal = {Scientific Reports},
doi = {10.1038/s41598-024-84429-6}
}


@article{Dey_Thamban_Laluraj_Mahalinganathan_Redkar_Kumar_Matsuoka_2023, title={Application of visual stratigraphy from line-scan images to constrain chronology and melt features of a firn core from coastal Antarctica}, volume={69}, DOI={10.1017/jog.2022.59}, number={273}, journal={Journal of Glaciology}, author={Dey, Rahul and Thamban, Meloth and Laluraj, Chavarukonam Madhavanpillai and Mahalinganathan, Kanthanathan and Redkar, Bhikaji Laxman and Kumar, Sudhir and Matsuoka, Kenichi}, year={2023}, pages={179–190}} <div></div>
