@article{bogalo2020,
	author    = {Juan Bogalo and Pilar Poncela and Eva Senra},
	title     = {Circulant singular spectrum analysis: A new automated procedure for signal extraction},
	journal   = {Signal Processing},
	volume    = {177},
	year      = {2020},
	issn      = {0165-1684},
	doi       = {10.1016/j.sigpro.2020.107750}
	
}


@book{golyandina2001analysis,
	title={Analysis of Time Series Structure: SSA and Related Techniques},
	author={Golyandina, Nina and Nekrutkin, Vladimir and Zhigljavsky, Anatoly},
	year={2001},
	publisher={Chapman and Hall/CRC}
}

@article{golyandina2023intelligent,
	author    = {Golyandina, Nina and Dudnik, Pavel and Shlemov, Alex},
	title     = {Intelligent Identification of Trend Components in Singular Spectrum Analysis},
	journal   = {Algorithms},
	volume    = {16},
	number    = {7},
	pages     = {353},
	year      = {2023},
	doi       = {10.3390/a16070353}
	
}



@misc{spbu_cissa_coursework_github,
	author       = {Nikolay Pogrebnikov},
	title        = {{SPbSU} {CISSA} Coursework: Time Series Analysis},
	year         = {2024},
	journal = {GitHub repository},
	howpublished = {\url{https://github.com/xSICHx/spbu_cissa_coursework}}
}

